@inproceedings{li2021mirchecker,
  title={MirChecker: Detecting Bugs in Rust Programs via Static Analysis},
  author={Li, Zhuohua and Wang, Jincheng and Sun, Mingshen and Lui, John CS},
  booktitle={Proceedings of the 2021 ACM SIGSAC Conference on Computer and Communications Security},
  pages={2183--2196},
  year={2021}
}


@article{o2019separation,
  title={Separation logic},
  author={O'Hearn, Peter},
  journal={Communications of the ACM},
  volume={62},
  number={2},
  pages={86--95},
  year={2019},
  publisher={ACM New York, NY, USA}
}

@article{o2019incorrectness,
  title={Incorrectness logic},
  author={O'Hearn, Peter W},
  journal={Proceedings of the ACM on Programming Languages},
  volume={4},
  number={POPL},
  pages={1--32},
  year={2019},
  publisher={ACM New York, NY, USA}
}
@article{murray2021incremental,
  title={Incremental Vulnerability Detection with Insecurity Separation Logic},
  author={Murray, Toby and Yan, Pengbo and Ernst, Gidon},
  journal={arXiv preprint arXiv:2107.05225},
  year={2021}
}
@inproceedings{gulavani2006counterexample,
  title={Counterexample driven refinement for abstract interpretation},
  author={Gulavani, Bhargav S and Rajamani, Sriram K},
  booktitle={International Conference on Tools and Algorithms for the Construction and Analysis of Systems},
  pages={474--488},
  year={2006},
  organization={Springer}
}
@inproceedings{bogomolov2017counterexample,
  title={Counterexample-guided refinement of template polyhedra},
  author={Bogomolov, Sergiy and Frehse, Goran and Giacobbe, Mirco and Henzinger, Thomas A},
  booktitle={International Conference on Tools and Algorithms for the Construction and Analysis of Systems},
  pages={589--606},
  year={2017},
  organization={Springer}
}
@article{le2022finding,
  title={Finding real bugs in big programs with incorrectness logic},
  author={Le, Quang Loc and Raad, Azalea and Villard, Jules and Berdine, Josh and Dreyer, Derek and O'Hearn, Peter W},
  journal={Proceedings of the ACM on Programming Languages},
  volume={6},
  number={OOPSLA1},
  pages={1--27},
  year={2022},
  publisher={ACM New York, NY, USA}
}